@inproceedings{riegelsberger2007personality,
  title={Personality matters: Incorporating detailed user attributes and preferences into the matchmaking process},
  author={Riegelsberger, Jens and Counts, Scott and Farnham, Shelly D and Philips, Bruce C},
  booktitle={System Sciences, 2007. HICSS 2007. 40th Annual Hawaii International Conference on},
  pages={87--87},
  year={2007},
  organization={IEEE}
}
@article{wang2015thinking,
  title={Thinking style and team competition game performance and enjoyment},
  author={Wang, Hao and Yang, Hao-Tsung and Sun, Chuen-Tsai},
  journal={IEEE Transactions on Computational Intelligence and AI in Games},
  volume={7},
  number={3},
  pages={243--254},
  year={2015},
  publisher={IEEE}
}
@book{sternberg1999thinking,
  title={Thinking styles},
  author={Sternberg, Robert J},
  year={1999},
  publisher={Cambridge University Press}
}
@article{delalleau2012beyond,
  title={Beyond skill rating: Advanced matchmaking in ghost recon online},
  author={Delalleau, Olivier and Contal, Emile and Thibodeau-Laufer, Eric and Ferrari, Raul Chandias and Bengio, Yoshua and Zhang, Frank},
  journal={IEEE Transactions on Computational Intelligence and AI in Games},
  volume={4},
  number={3},
  pages={167--177},
  year={2012},
  publisher={IEEE}
}
@article{brozovsky2007recommender,
  title={Recommender system for online dating service},
  author={Brozovsky, Lukas and Petricek, Vaclav},
  journal={arXiv preprint cs/0703042},
  year={2007}
}
@misc{patrick2011system,
  title={System and method for providing feedback on game players and enhancing social matchmaking},
  author={Patrick, WO'Kelley II and Lamb, Steven D and Bortnik, Michal and Hansen, Johan Peter},
  year={2011},
  month=nov # "~29",
  publisher={Google Patents},
  note={US Patent 8,066,568}
}
@inproceedings{nguyen2014exploring,
  title={Exploring the filter bubble: the effect of using recommender systems on content diversity},
  author={Nguyen, Tien T and Hui, Pik-Mai and Harper, F Maxwell and Terveen, Loren and Konstan, Joseph A},
  booktitle={Proceedings of the 23rd international conference on World wide web},
  pages={677--686},
  year={2014},
  organization={ACM}
}